@book{Wertz1978,
  author    = {James R. Wertz},
  title     = {Spacecraft Attitude Determination and Control},
  publisher = {Springer Netherlands},
  year      = {1978}
}

@techreport{Dennehy2004,
  author      = {Neil Dennehy},
  title       = {A Survey of Reaction Wheel Disturbance Modeling for Spacecraft Pointing Applications},
  institution = {NASA Technical Reports},
  number      = {NASA/TM-2004-212938},
  year        = {2004}
}

@book{Fortescue2011,
  author    = {Peter Fortescue and Graham Stark and Graham Swinerd},
  title     = {Spacecraft Systems Engineering},
  edition   = {4},
  publisher = {Wiley},
  year      = {2011}
}

@book{Franklin2015,
  author    = {Gene F. Franklin and J. David Powell and Abbas Emami-Naeini},
  title     = {Feedback Control of Dynamic Systems},
  edition   = {7},
  publisher = {Pearson},
  year      = {2015}
}

@book{Friedland2005,
  author    = {Bernard Friedland},
  title     = {Control System Design: An Introduction to State-Space Methods},
  publisher = {Dover Publications},
  year      = {2005}
}

@book{Ogata2010,
  author    = {Katsuhiko Ogata},
  title     = {Modern Control Engineering},
  edition   = {5},
  publisher = {Prentice Hall},
  year      = {2010}
}

@misc{AMSAT2020,
  author       = {{AMSAT}},
  title        = {CubesatSim: A Low-Cost, Open-Source Cubesat Simulator},
  year         = {2020},
  note         = {Accessed: 2025-07-29},
  howpublished = {\url{https://cubesatsim.org}}
}

@misc{ASU2021,
  author       = {{Arizona State University}},
  title        = {CapSat Project Documentation},
  year         = {2021},
  note         = {Accessed: 2025-07-29},
  howpublished = {\url{https://projects.engineering.asu.edu/capsat}}
}
